<?xml version="1.0" encoding="UTF-8"?><record xmlns="http://www.loc.gov/MARC21/slim" xmlns:cinclude="http://apache.org/cocoon/include/1.0" xmlns:zs="http://www.loc.gov/zing/srw/">
  <leader>01529cz  a2200265n  4500</leader>
  <controlfield tag="001">n  79074125 </controlfield>
  <controlfield tag="003">DLC</controlfield>
  <controlfield tag="005">20100512075918.0</controlfield>
  <controlfield tag="008">790711n| acnnnabbn          |a ana      </controlfield>
  <datafield tag="010" ind1=" " ind2=" ">
    <subfield code="a">n  79074125 </subfield>
  </datafield>
  <datafield tag="034" ind1=" " ind2=" ">
    <subfield code="d">W0472500</subfield>
    <subfield code="e">W0472500</subfield>
    <subfield code="f">S0062000</subfield>
    <subfield code="g">S0062000</subfield>
    <subfield code="2">other</subfield>
  </datafield>
  <datafield tag="035" ind1=" " ind2=" ">
    <subfield code="a">(OCoLC)oca00306857</subfield>
  </datafield>
  <datafield tag="040" ind1=" " ind2=" ">
    <subfield code="a">DLC</subfield>
    <subfield code="b">eng</subfield>
    <subfield code="c">DLC</subfield>
    <subfield code="d">DLC</subfield>
    <subfield code="d">OCoLC</subfield>
  </datafield>
  <datafield tag="043" ind1=" " ind2=" ">
    <subfield code="a">s-bl---</subfield>
  </datafield>
  <datafield tag="151" ind1=" " ind2=" ">
    <subfield code="a">Boa Vista do Tocantins (Brazil)</subfield>
  </datafield>
  <datafield tag="451" ind1=" " ind2=" ">
    <subfield code="a">Boa Vista (Goiás, Brazil)</subfield>
  </datafield>
  <datafield tag="451" ind1=" " ind2=" ">
    <subfield code="w">nnaa</subfield>
    <subfield code="a">Boa Vista do Tocantins, Brazil</subfield>
  </datafield>
  <datafield tag="551" ind1=" " ind2=" ">
    <subfield code="w">b</subfield>
    <subfield code="a">Tocantinópolis (Brazil)</subfield>
  </datafield>
  <datafield tag="667" ind1=" " ind2=" ">
    <subfield code="a">SUBJECT USAGE: This heading is not valid for use as a subject. Works about this place are entered under Tocantinópolis (Brazil).</subfield>
  </datafield>
  <datafield tag="670" ind1=" " ind2=" ">
    <subfield code="a">Correia, A. A. Boa Vista do Padre João ... 1977 (xx-ref.)</subfield>
    <subfield code="b">t.p. (Boa Vista; Tocantinópolis, Goiás) p. 21 (Provincial law no. 14 of 7/31/1852 created Distrito de Boa Vista do Tocantins; Provincial law no. 02 of 7/28/1858 elevated Boa Vista do Tocantins to category of city; Name changed to Tocantinópolis by law effective 1/1/1943)</subfield>
  </datafield>
  <datafield tag="670" ind1=" " ind2=" ">
    <subfield code="a">BGN, 6/2/79</subfield>
    <subfield code="b">(Boa Vista do Tocantins, Boa Vista, variant names of Tocantinópolis, ppl, 6°20ʹS, 47°25ʹW)</subfield>
  </datafield>
  <datafield tag="670" ind1=" " ind2=" ">
    <subfield code="a">BGN gaz., 1963</subfield>
    <subfield code="b">(Refs. from Boa Vista do Tocantins and Boa Vista to Tocantinópolis)</subfield>
  </datafield>
  <datafield tag="670" ind1=" " ind2=" ">
    <subfield code="a">Dic. geog. bras., 1972</subfield>
    <subfield code="b">(Tocantinópolis; Formerly, Boa Vista do Tocantins)</subfield>
  </datafield>
  <datafield tag="670" ind1=" " ind2=" ">
    <subfield code="a">Grande encic. Delta Lar.</subfield>
    <subfield code="b">(Tocantinópolis; ex-Boa Vista do Tocantins)</subfield>
  </datafield>
  <datafield tag="670" ind1=" " ind2=" ">
    <subfield code="a">Col. Lipp. gaz., 1966</subfield>
    <subfield code="b">(Tocantinópolis; Until 1944 called Boa Vista)</subfield>
  </datafield>
</record>